@unpublished{2019:Dish:PLDI,
author = {Kallas, Konstantinos and Vasilakis, Nikos and CvetkoviÄ‡, Lazar M. and Mamouras, Konstantinos},
title = {Dish: Distribution-oblivious Shell Scripting},
booktitle = {In submission},
year = {2019},
note = {cv-only}
}

@unpublished{2019:Flumina:PLDI,
author = {Kallas$^*$, Konstantinos and Niksic$^*$, Filip and Stanford$^*$, Caleb and Alur, Rajeev},
title = {Flumina: Correct distribution of Stateful Streaming Computations},
booktitle = {In submission},
year = {2019}
}

@unpublished{2019:DifferentialTesting:SIGMOD,
author = {Kallas$^*$, Konstantinos and Niksic$^*$, Filip and Stanford$^*$, Caleb and Alur, Rajeev},
title = {Differential Testing for Stream Processing Systems},
booktitle = {In submission},
year = {2019}
}

@unpublished{2019:ModelChecking:ICSE,
author = {Chong, Nathan and Cook, Byron and Kallas, Konstantinos and Khazem, Kareem and Monteiro, Felipe R. and Schwartz-Narbonne, Daniel and Tasiran, Serdar and Tautschnig, Michael and Tuttle, Mark R.},
title = {Code-Level Model Checking in the Software Development Workflow},
booktitle = {Accepted for publication at ICSE 2020 SEIP track},
year = {2019}
}


@inproceedings{2019:SecurityCriteria:FCS,
author = {Kallas, Konstantinos and Schneidewind, Clara and Pierce, Benjamin C. and Zdancewic, Steve},
title = {Security Criteria for a Transparent Encryption Layer},
booktitle = {Workshop on Foundations of Computer Security (FCS 2019)},
year = {2019},
url = {https://pdfs.semanticscholar.org/dd4b/cb504bdde49debcd53bcce7a6d7f01ad3171.pdf}
}

@inproceedings{2018:HiPErJiT:IFL,
author = {Kallas, Konstantinos and Sagonas, Konstantinos},
title = {HiPErJiT: A Profile-Driven Just-in-Time Compiler for Erlang},
booktitle = {30th Symposium on Implementation and Application of Functional Languages (IFL 2018)},
year = {2018},
volume = {30},
file = {/files/papers/kallas-sagonas-2018-hiperjit.pdf},
url = {https://dl.acm.org/citation.cfm?doid=3310232.3310234}
}