@misc{2021:PaSh:POPL-SRC,
  author = {Kallas, Konstantinos},
  file = {/files/talks/2021_POPL_SRC_PaSh_slides.pdf},
  title = {PaSh: Data-parallel shell scripting},
  event = {Student Research Competition @ POPL 2021},
  year = {2021},
  month = {1}
}

@misc{2020:DurableFunctions:SponsorsPLDI,
  author = {Burckhardt, Sebastian and Justo, David and Kallas, Konstantinos},
  url = {https://www.youtube.com/watch?v=CMzryjuMz1U},
  file = {/files/talks/2020_DurableFunctions_PLDI.pdf},
  title = {From stateless functions to stateful applications: Azure Durable Functions},
  event = {MSR Sponsor Session @ PLDI},
  year = {2020},
  month = {7}
}

@misc{2020:Flumina:UCSD,
  author = {Kallas, Konstantinos},
  file = {/files/talks/2020_Flumina_UCSD.pdf},
  title = {Flumina: Correct Distribution of Stateful Streaming Computations},
  event = {UCSD PL Tea},
  year = {2020},
  month = {2}
}

@misc{2019:Flumina:AthensPLSeminar,
  author = {Kallas, Konstantinos},
  file = {/files/talks/2019_Flumina_AthensPLSeminar.pdf},
  title = {Flumina: Correct Distribution of Stateful Streaming Computations},
  event = {Athens PL Seminar},
  year = {2019},
  month = {12}
}

@misc{2018:HiPErJiT:AthensPLSeminar,
  author = {Kallas, Konstantinos},
  file = {/files/talks/2018_HiPErJiT_AthensPLSeminar.pdf},
  title = {HiPErJiT: A Profile-Driven Just-in-Time Compiler for Erlang based on HiPE},
  event = {Athens PL Seminar},
  year = {2018},
  month = {12}
}
