@mastersthesis{2018:HiPErJiT:Thesis,
  author       = {Kallas, Konstantinos},
  file         = {/files/thesis.pdf},
  title        = {HiPErJiT: A Profile-Driven Just-in-Time Compiler for Erlang based on HiPE},
  school       = {National Technical University of Athens},
  year         = 2018,
  month        = 7,
  url          = {http://artemis.cslab.ece.ntua.gr:8080/jspui/handle/123456789/17180}
}